<?xml version="1.0" encoding="UTF-8"?><collection xmlns="http://www.loc.gov/MARC21/slim"><record><leader>00558nam--2200217-u-4500</leader><controlfield tag="001">000050501</controlfield><controlfield tag="002">20161230</controlfield><controlfield tag="003">81889</controlfield><controlfield tag="005">20161230201048</controlfield><controlfield tag="008">070611s1000------------r-----000-0-eng-d</controlfield><datafield ind1=" " ind2=" " tag="020"><subfield code="a">(10)973-8128-76-5</subfield></datafield><datafield ind1=" " ind2=" " tag="040"><subfield code="a">IFIN-HH</subfield></datafield><datafield ind1=" " ind2=" " tag="041"><subfield code="a">eng</subfield></datafield><datafield ind1=" " ind2=" " tag="080"><subfield code="a">007</subfield></datafield><datafield ind1="1" ind2=" " tag="100"><subfield code="a">Baicu Floarea si Baicu Andrei-Mihai</subfield></datafield><datafield ind1="1" ind2="0" tag="245"><subfield code="a">Auditul si Securitatea Sistemelor Informatice</subfield></datafield><datafield ind1=" " ind2=" " tag="260"><subfield code="a">Bucuresti</subfield><subfield code="b">Editura Victor</subfield><subfield code="c">2006</subfield></datafield><datafield ind1=" " ind2=" " tag="300"><subfield code="a">388 p</subfield></datafield><datafield ind1=" " ind2="4" tag="650"><subfield code="a">Securitatea Sistemelor Informatice</subfield></datafield><datafield ind1=" " ind2=" " tag="852"><subfield code="c">852</subfield></datafield><datafield ind1=" " ind2=" " tag="CAT"><subfield code="a">Sys</subfield><subfield code="c">20070611</subfield><subfield code="h">145600</subfield></datafield></record></collection>